<record><leader>00000cas a22000007a 4500</leader><controlfield tag="001">26639131</controlfield><controlfield tag="008">920921d19111915ncucr ne      0    0eng d</controlfield><datafield ind1=" " ind2=" " tag="010"><subfield code="a">sn 92073192 </subfield></datafield><datafield ind1=" " ind2=" " tag="040"><subfield code="a">NVJ</subfield><subfield code="b">eng</subfield><subfield code="c">NVJ</subfield><subfield code="d">OCLCQ</subfield></datafield><datafield ind1=" " ind2=" " tag="042"><subfield code="a">msc</subfield></datafield><datafield ind1="0" ind2=" " tag="130"><subfield code="a">Semi-weekly sun (New Bern, N.C.)</subfield></datafield><datafield ind1="1" ind2="4" tag="245"><subfield code="a">The semi-weekly sun.</subfield></datafield><datafield ind1="3" ind2="0" tag="246"><subfield code="a">Semiweekly sun</subfield></datafield><datafield ind1=" " ind2=" " tag="260"><subfield code="a">New Bern, N.C. :</subfield><subfield code="b">New Bern Pub. Co.</subfield></datafield><datafield ind1=" " ind2=" " tag="300"><subfield code="a">v.</subfield></datafield><datafield ind1=" " ind2=" " tag="310"><subfield code="a">Semiweekly</subfield></datafield><datafield ind1="1" ind2=" " tag="362"><subfield code="a">Began in 1911.</subfield></datafield><datafield ind1="0" ind2=" " tag="362"><subfield code="a">-v. 7, no. 60 (Nov. 25, 1915).</subfield></datafield><datafield ind1=" " ind2=" " tag="580"><subfield code="a">Daily eds.: Sun (New Bern, N.C.), &lt;1911-1912&gt;, and: New Bern sun, &lt;1912-1914&gt;.</subfield></datafield><datafield ind1=" " ind2=" " tag="588"><subfield code="a">Description based on: Vol. 4, no. 85 (Jan. 2, 1912).</subfield></datafield><datafield ind1=" " ind2=" " tag="752"><subfield code="a">United States</subfield><subfield code="b">North Carolina</subfield><subfield code="c">Craven</subfield><subfield code="d">New Bern.</subfield></datafield><datafield ind1="1" ind2=" " tag="775"><subfield code="t">Sun (New Bern, N.C.)</subfield><subfield code="w">(DLC)sn 91068536</subfield></datafield><datafield ind1="1" ind2=" " tag="775"><subfield code="t">New Bern sun</subfield><subfield code="w">(DLC)sn 91068537</subfield></datafield><datafield ind1="0" ind2="0" tag="780"><subfield code="t">Weekly sun (New Bern, N.C.)</subfield><subfield code="w">(DLC)sn 96086035</subfield></datafield><datafield ind1="0" ind2="5" tag="780"><subfield code="t">New Bern semi-weekly journal</subfield><subfield code="w">(DLC)sn 92073220</subfield></datafield><datafield ind1="0" ind2="0" tag="785"><subfield code="t">Semi-weekly sun-journal</subfield><subfield code="w">(DLC)sn 92073194</subfield></datafield><datafield ind1="1" ind2=" " tag="029"><subfield code="a">AU@</subfield><subfield code="b">000020126539</subfield></datafield></record>